<record><leader>00000cas a22000007a 4500</leader><controlfield tag="001">15476436</controlfield><controlfield tag="008">870402d18871960iauwr ne      0    0eng d</controlfield><datafield ind1=" " ind2=" " tag="010"><subfield code="a">sn 88059400 </subfield></datafield><datafield ind1=" " ind2=" " tag="040"><subfield code="a">INP</subfield><subfield code="b">eng</subfield><subfield code="c">INP</subfield><subfield code="d">OCLCQ</subfield></datafield><datafield ind1=" " ind2=" " tag="042"><subfield code="a">msc</subfield></datafield><datafield ind1="0" ind2="4" tag="245"><subfield code="a">The Bellevue herald.</subfield></datafield><datafield ind1=" " ind2=" " tag="260"><subfield code="a">Bellevue, Iowa :</subfield><subfield code="b">A.B. Evans,</subfield><subfield code="c">1887-1960.</subfield></datafield><datafield ind1=" " ind2=" " tag="300"><subfield code="a">74 v.</subfield></datafield><datafield ind1=" " ind2=" " tag="310"><subfield code="a">Weekly</subfield></datafield><datafield ind1="0" ind2=" " tag="362"><subfield code="a">Vol. 1, no. 1 (Mar. 8, 1887)-v. 74, no. 14 (Aug. 4, 1960).</subfield></datafield><datafield ind1=" " ind2=" " tag="500"><subfield code="a">Publisher varies.</subfield></datafield><datafield ind1=" " ind2=" " tag="500"><subfield code="a">Includes separately numbered weekly section called: The LaMotte star, Apr. 3, 1894-Aug. 22, 1922.</subfield></datafield><datafield ind1=" " ind2=" " tag="752"><subfield code="a">United States</subfield><subfield code="b">Iowa</subfield><subfield code="c">Jackson</subfield><subfield code="d">Bellevue.</subfield></datafield><datafield ind1=" " ind2=" " tag="752"><subfield code="a">United States</subfield><subfield code="b">Iowa</subfield><subfield code="c">Jackson</subfield><subfield code="d">LaMotte.</subfield></datafield><datafield ind1=" " ind2=" " tag="752"><subfield code="a">United States</subfield><subfield code="b">Iowa</subfield><subfield code="c">Jackson</subfield><subfield code="d">La Motte.</subfield></datafield><datafield ind1="0" ind2="7" tag="785"><subfield code="t">Bellevue leader (Bellevue, Iowa)</subfield><subfield code="w">(DLC)sn 84038054</subfield></datafield><datafield ind1="0" ind2="7" tag="785"><subfield code="t">Bellevue herald and Bellevue leader</subfield><subfield code="w">(DLC)sn 88059226</subfield></datafield><datafield ind1="1" ind2=" " tag="787"><subfield code="t">LaMotte star</subfield></datafield></record>